@inproceedings{badri2024top,
  title={top-ii-vol: Massively Parallel Scalable Meshing for Seismic Risk Assessment of Nuclear Sites},
  author={Badri, MA and Bourcier, C and Foerster, E},
  booktitle={EPJ Web of Conferences},
  volume={302},
  pages={05007},
  year={2024},
  organization={EDP Sciences}
}

